% This file was created with JabRef 2.10.
% Encoding: Cp1252


@Manual{rfc-4506,
  Title                    = {{RFC-4506}: {XDR}: External Data Representation Standard},
  Author                   = {M. Eisler},
  Month                    = {May},
  Note                     = {\url{http://tools.ietf.org/html/rfc4506.html}},
  Organization             = {Internet Engineering Task Force},
  Year                     = {2006},

  Owner                    = {Peter Chapin},
  Timestamp                = {2015-07-02}
}

@Manual{asn.1,
  Title                    = {Information technology -- Abstract Syntax Notation One ({ASN.1}): Specification of basic notation},
  Author                   = {ITU},
  Month                    = {November},
  Note                     = {\url{http://www.itu.int/rec/T-REC-X.680/en}},
  Organization             = {International Telecommunications Union},
  Year                     = {2008},

  Owner                    = {Peter Chapin},
  Timestamp                = {2015-07-02}
}

@Manual{rfc-5531,
  Title                    = {{RFC-5531}: {RPC}: Remote Procedure Call Protocol Specification Version 2},
  Author                   = {R. Thurlow},
  Month                    = {May},
  Note                     = {\url{https://tools.ietf.org/html/rfc5531}},
  Organization             = {Internet Engineering Task Force},
  Year                     = {2009},

  Owner                    = {Peter Chapin},
  Timestamp                = {2015-07-02}
}

@Misc{miktex,
  Title                    = {{MiKTeX} Project Page},
  Note                     = {\url{http://www.miktex.org/}. Accessed December 2011},

  Key                      = {miktex}
}

@Misc{www:adamagic,
  Title                    = {Sofcheck Compiler Technology},
  HowPublished             = {\url{http://www.sofcheck.com/products/adamagic.html}}
}

@Misc{www:aunit,
  Title                    = {{AUnit} Ada Unit Testing Framework},
  HowPublished             = {\url{http://libre.adacore.com/tools/aunit/}},
  Note                     = {Accessed 2012-12-09},

  Owner                    = {Peter C. Chapin},
  Timestamp                = {2012-12-09}
}

@Misc{www:crossworks,
  Title                    = {CrossWorks for {MSP430}},
  HowPublished             = {\url{http://www.rowley.co.uk/msp430/}},
  Note                     = {Accessed 2012-11-27}
}

@Misc{www:mspgcc,
  Title                    = {{GCC} Toolchain for {MSP430}},
  HowPublished             = {\url{http://mspgcc.sourceforge.net/}}
}

