% Encoding: windows-1252

@InProceedings{Cuoq:2012:FSA:2404232.2404250,
  author    = {Cuoq, Pascal and Kirchner, Florent and Kosmatov, Nikolai and Prevosto, Virgile and Signoles, Julien and Yakobowski, Boris},
  title     = {{Frama-C}: A Software Analysis Perspective},
  booktitle = {Proceedings of the 10th International Conference on Software Engineering and Formal Methods},
  year      = {2012},
  series    = {SEFM'12},
  pages     = {233--247},
  address   = {Berlin, Heidelberg},
  publisher = {Springer-Verlag},
  acmid     = {2404250},
  doi       = {10.1007/978-3-642-33826-7_16},
  isbn      = {978-3-642-33825-0},
  location  = {Thessaloniki, Greece},
  numpages  = {15},
  url       = {http://dx.doi.org/10.1007/978-3-642-33826-7_16},
}

@Book{dragon-book,
  Title                    = {Compilers Principles, Techniques, \& Tools},
  Author                   = {Alfred V. Aho and Monica S. Lam and Ravi Sethi and Jeffrey D. Ullman},
  Publisher                = {Addison Wesley},
  Year                     = {2007},
  Edition                  = {second},

  Owner                    = {Peter Chapin},
  Timestamp                = {2013-08-05}
}

@Article{Amey2002,
  Title                    = {Correctness by Construction: Better Can Also Be Cheaper},
  Author                   = {Peter Amey},
  Journal                  = {CrossTalk, the Journal of Defense Software Engineering},
  Year                     = {2002},

  Month                    = {March},
  Number                   = {3},
  Pages                    = {24-28},
  Volume                   = {15},

  Owner                    = {John McCormick},
  Timestamp                = {2012.05.14},
  Url                      = {http://www.crosstalkonline.org/storage/issue-archives/2002/200203/200203-0-Issue.pdf}
}

@Book{Ammann2008,
  Title                    = {Introduction to Software Testing},
  Author                   = {Paul Ammann and Jeff Offutt},
  Publisher                = {Cambridge University Press},
  Year                     = {2008},

  Address                  = {Cambridge},

  Owner                    = {John McCormick},
  Timestamp                = {2012.05.25}
}

@Manual{ARM2012,
  Title                    = {Ada Reference Manual, ISO/IEC 8652:2012 (E)},
  Author                   = {ARM},
  Edition                  = {3$^{rd}$},
  Year                     = {2012},

  Owner                    = {John MCcormick},
  Timestamp                = {2013.01.17}
}

@Book{Barnes2014,
  Title                    = {Programming in Ada 2012},
  Author                   = {Barnes, John},
  Publisher                = {Cambridge University Press},
  Year                     = {2014},

  Address                  = {Cambridge, England},
  Number                   = {ISBN 978-1107424814},

  Owner                    = {John McCormick},
  Timestamp                = {2014-06-24}
}

@Book{SPARK-book,
  Title                    = {{SPARK}, The Proven Approach to High Integrity Software},
  Author                   = {Barnes, John},
  Publisher                = {Altran Praxis},
  Year                     = {2012},

  Owner                    = {Peter C. Chapin},
  Timestamp                = {2012-12-11}
}

@Book{Barnes2006,
  Title                    = {Programming in Ada 2005},
  Author                   = {Barnes, John},
  Publisher                = {Pearson Education Limited},
  Year                     = {2006},

  Address                  = {Harlow, England},
  Number                   = {ISBN 0-321-34078-7},

  Owner                    = {John McCormick},
  Timestamp                = {2009-06-30}
}

@Article{Barnes:2000:SWC:369264.369271,
  Title                    = {The {SPARK} way to correctness is via abstraction},
  Author                   = {Barnes, John},
  Journal                  = {Ada Lett.},
  Year                     = {2000},

  Month                    = {dec},
  Number                   = {4},
  Pages                    = {69--79},
  Volume                   = {XX},

  Acmid                    = {369271},
  Address                  = {New York, NY, USA},
  Doi                      = {10.1145/369264.369271},
  ISSN                     = {1094-3641},
  Issue_date               = {Dec., 2000},
  Numpages                 = {11},
  Owner                    = {Peter C. Chapin},
  Publisher                = {ACM},
  Timestamp                = {2012-12-11},
  Url                      = {http://doi.acm.org/10.1145/369264.369271}
}

@InCollection{barrett2011,
  Title                    = {{CVC4}},
  Author                   = {Barrett, Clark and Conway, ChristopherL. and Deters, Morgan and Hadarean, Liana and JovanoviÄ‡, Dejan and King, Tim and Reynolds, Andrew and Tinelli, Cesare},
  Booktitle                = {Computer Aided Verification},
  Publisher                = {Springer Berlin Heidelberg},
  Year                     = {2011},
  Editor                   = {Gopalakrishnan, Ganesh and Qadeer, Shaz},
  Pages                    = {171-177},
  Series                   = {Lecture Notes in Computer Science},
  Volume                   = {6806},

  Doi                      = {10.1007/978-3-642-22110-1_14},
  ISBN                     = {978-3-642-22109-5},
  Language                 = {English},
  Owner                    = {John McCormick},
  Timestamp                = {2014-11-12},
  Url                      = {http://dx.doi.org/10.1007/978-3-642-22110-1_14}
}

@InProceedings{Barrett2007,
  Title                    = {{CVC3}},
  Author                   = {Clark Barrett and Cesare Tinelli},
  Booktitle                = {Proceedings of the $19^{th}$ International Conference on Computer Aided Verification (CAV '07)},
  Year                     = {2007},
  Editor                   = {Werner Damm and Holger Hermanns},
  Month                    = {July},
  Note                     = {Berlin, Germany},
  Pages                    = {298--302},
  Publisher                = {Springer-Verlag},
  Series                   = {Lecture Notes in Computer Science},
  Volume                   = {4590},

  Owner                    = {John McCormick},
  Timestamp                = {2012-06-05}
}

@Book{Beizer1990,
  Title                    = {Software Testing Techniques},
  Author                   = {Boris Beizer},
  Publisher                = {Van Nostrand Reinhold},
  Year                     = {1990},

  Address                  = {New York, NY},

  Owner                    = {John McCormick},
  Pages                    = {550},
  Timestamp                = {2012.05.18}
}

@Book{Ben-Ari2009,
  Title                    = {Ada for Software Engineers},
  Author                   = {Ben-Ari, Mordechai},
  Publisher                = {Springer-Verlag},
  Year                     = {2009},

  Address                  = {London},
  Edition                  = {2},
  Number                   = {ISBN 978-1-84882-313-6},

  Owner                    = {John McCormick},
  Timestamp                = {2009.06.30},
  Url                      = {http://www.springerlink.com/content/978-1-84882-313-6}
}

@Book{Black2007,
  Title                    = {Pragmatic Software Testing: Becoming an Effective and Efficient Test Professional},
  Author                   = {Rex Black},
  Publisher                = {Wiley},
  Year                     = {2007},

  Address                  = {Indianapolis, IN},

  Owner                    = {John McCormick},
  Pages                    = {366},
  Timestamp                = {2012.05.18}
}

@TechReport{Blair1992,
  Title                    = {Patriot Missile Defense: Software Problem Led to System Failure at Dhahran, Saudi Arabia},
  Author                   = {Blair, Michael and Obenski, Sally and Bridickas, Paula},
  Institution              = {United States General Accounting Office},
  Year                     = {1992},
  Number                   = {report GAO/IMTEC-92-26},

  Owner                    = {John},
  Timestamp                = {2009.06.30}
}

@InProceedings{Bobot2008,
  Title                    = {Implementing Polymorphism in {SMT} solvers},
  Author                   = {Fran\c{c}ois Bobot and Sylvain Conchon and Evelyne Contejean and St\'ephane Lescuyer},
  Booktitle                = {SMT 2008: 6th International Workshop on Satisfiability Modulo},
  Year                     = {2008},
  Editor                   = {Clark Barrett and Leonardo de Moura},

  Owner                    = {John McCormick},
  Timestamp                = {2012.06.05}
}

@InProceedings{Bobot2011,
  Title                    = {Why3: Shepherd your herd of provers},
  Author                   = {François Bobot and Jean-christophe Filliâtre and Claude Marché and Andrei Paskevich},
  Booktitle                = {In Workshop on Intermediate Veri cation Languages},
  Year                     = {2011},

  Owner                    = {John McCormick},
  Timestamp                = {2014.11.12}
}

@Article{Breunesse-VerifyingJML-2003,
  Title                    = {Verifying JML specifications with model fields},
  Author                   = {Cees-Bart Breunesse and Erik Poll},
  Year                     = {2003},

  Abstract                 = {The specification language JML (Java Modeling Language) provides model fields as a means to abstract away from implementation details in specifications. This paper investigates how specifications with model fields can be translated to proof obligations. In order to do this, the semantics of model fields has to be made precise.},
  Institution              = {CiteSeerX - Scientific Literature Digital Library and Search Engine [http://citeseerx.ist.psu.edu/oai2] (United States)},
  Location                 = {http://www.scientificcommons.org/42225496},
  Owner                    = {Peter C. Chapin},
  Timestamp                = {2012-12-14},
  Url                      = {http://citeseerx.ist.psu.edu/viewdoc/summary?doi=10.1.1.10.6161}
}

@Book{Burns2007,
  Title                    = {Concurrent and Real-Time Programming in Ada},
  Author                   = {Alan Burns and Andy Wellings},
  Publisher                = {Cambridge University Press},
  Year                     = {2007},
  Number                   = {ISBN 978-0-521-86697-2},

  Owner                    = {Peter Chapin},
  Timestamp                = {2015-03-31}
}

@InProceedings{Chalin:2005:BAA:2090458.2090480,
  Title                    = {Beyond assertions: advanced specification and verification with JML and ESC/Java2},
  Author                   = {Chalin, Patrice and Kiniry, Joseph R. and Leavens, Gary T. and Poll, Erik},
  Booktitle                = {Proceedings of the 4th international conference on Formal Methods for Components and Objects},
  Year                     = {2006},

  Address                  = {Berlin, Heidelberg},
  Pages                    = {342--363},
  Publisher                = {Springer-Verlag},
  Series                   = {FMCO'05},

  Acmid                    = {2090480},
  Doi                      = {10.1007/11804192_16},
  ISBN                     = {3-540-36749-7, 978-3-540-36749-9},
  Location                 = {Amsterdam, The Netherlands},
  Numpages                 = {22},
  Owner                    = {Peter C. Chapin},
  Timestamp                = {2012-12-14},
  Url                      = {http://dx.doi.org/10.1007/11804192_16}
}

@Article{Chapman:2000:IES:369264.369270,
  Title                    = {Industrial experience with {SPARK}},
  Author                   = {Chapman, Roderick},
  Journal                  = {Ada Lett.},
  Year                     = {2000},

  Month                    = dec,
  Number                   = {4},
  Pages                    = {64--68},
  Volume                   = {XX},

  Acmid                    = {369270},
  Address                  = {New York, NY, USA},
  Doi                      = {10.1145/369264.369270},
  ISSN                     = {1094-3641},
  Issue_date               = {Dec., 2000},
  Keywords                 = {Ada, DO-178B, ITSEC E6, SPARK, def. stan. 00-55, industrial case studies, proof, static analysis},
  Numpages                 = {5},
  Owner                    = {Peter C. Chapin},
  Publisher                = {ACM},
  Timestamp                = {2012-12-11},
  Url                      = {http://doi.acm.org/10.1145/369264.369270}
}

@InCollection{Chapman2014,
  Title                    = {Are We There Yet? 20 Years of Industrial Theorem Proving with SPARK},
  Author                   = {Chapman, Roderick and Schanda, Florian},
  Booktitle                = {Interactive Theorem Proving},
  Publisher                = {Springer International Publishing},
  Year                     = {2014},
  Editor                   = {Klein, Gerwin and Gamboa, Ruben},
  Pages                    = {17-26},
  Series                   = {Lecture Notes in Computer Science},
  Volume                   = {8558},

  Doi                      = {10.1007/978-3-319-08970-6_2},
  ISBN                     = {978-3-319-08969-0},
  Keywords                 = {Formal Methods; Program Verification; Theorem Proving; SPARK},
  Language                 = {English},
  Owner                    = {John McCormick},
  Timestamp                = {2014.11.11},
  Url                      = {http://dx.doi.org/10.1007/978-3-319-08970-6_2}
}

@Book{Cohen1996,
  Title                    = {Ada as a Second Language},
  Author                   = {Norman H. Cohen},
  Publisher                = {McGraw-Hill},
  Year                     = {1996},
  Number                   = {ISBN 0-07-011607-5},

  Owner                    = {Peter Chapin},
  Timestamp                = {2015-03-31}
}

@Article{Croxford2005,
  Title                    = {Correctness by Construction: A Manifesto for High-Integrity Software},
  Author                   = {Martin Croxford and Roderick Chapman},
  Journal                  = {CrossTalk, the Journal of Defense Software Engineering},
  Year                     = {2005},

  Month                    = {December},
  Number                   = {12},
  Pages                    = {5-8},
  Volume                   = {18},

  Owner                    = {John McCormick},
  Timestamp                = {2012.05.11},
  Url                      = {http://www.crosstalkonline.org/storage/issue-archives/2005/200512/200512-Croxford.pdf}
}

@Book{Dale2007,
  Title                    = {Ada Plus Data Structures: An Object-Oriented Approach},
  Author                   = {Nell Dale and John McCormick},
  Publisher                = {Jones and Bartlett},
  Year                     = {2007},

  Address                  = {Sudbury, MA},
  Edition                  = {2$^{nd}$},

  Owner                    = {John McCormick},
  Pages                    = {900},
  Timestamp                = {2012.05.25}
}

@Book{Dale2000,
  Title                    = {Programming and Problem Solving with Ada 95},
  Author                   = {Dale, Nell and Weems, Chip and McCormick, John},
  Publisher                = {Jones and Bartlett},
  Year                     = {2000},

  Address                  = {Sudbury, MA},
  Edition                  = {2nd},
  Number                   = {ISBN 0-7637-0792-9},

  Owner                    = {John McCormick},
  Timestamp                = {2009.06.30}
}

@TechReport{Davis2003,
  Title                    = {The Team Software Process (TSP) in Practice: A Summary of Recent Results},
  Author                   = {Noopur Davis and Julia Mullaney},
  Institution              = {Software Engineering Institute},
  Year                     = {2003},

  Address                  = {Carnegie Mellon University, Pittsburgh, Pennsylvania},
  Number                   = {CMU/SEI-2003-TR-014 ESC-TR-2003-014},
  Type                     = {Technical Report},

  Owner                    = {John McCormick},
  Timestamp                = {2012.05.10},
  Url                      = {http://www.sei.cmu.edu/library/abstracts/reports/03tr014.cfm}
}

@InProceedings{DeRemer1975,
  Title                    = {Programming-In-The-Large Versus Programming-In-The-Small},
  Author                   = {DeRemer, Frank and Kron, Hans},
  Booktitle                = {Proceedings of the International Conference on Reliable Software},
  Year                     = {1975},

  Address                  = {New York, NY, USA},
  Pages                    = {114--121},
  Publisher                = {ACM},

  Doi                      = {http://doi.acm.org/10.1145/800027.808431},
  Location                 = {Los Angeles, California},
  Owner                    = {John McCormick},
  Timestamp                = {2009.06.30}
}

@TechReport{Dutertre2006a,
  Title                    = {The YICES SMT Solver},
  Author                   = {Bruno Dutertre and Leonardo de Moura},
  Institution              = {Computer Science Laboratory, SRI International},
  Year                     = {2006},

  Address                  = {Menlo Park, CA},
  Type                     = {Technical Report \url{http://yices.csl.sri.com/tool-paper.pdf}},

  Owner                    = {John McCormick},
  Timestamp                = {2012.06.05},
  Url                      = {http://yices.csl.sri.com/tool-paper.pdf}
}

@InProceedings{Dutertre2006b,
  Title                    = {A fast linear-arithmetic solver for DPLL(T)},
  Author                   = {Bruno Dutertre and Leonardo de Moura},
  Booktitle                = {Proceedings of the 16th International Conference on Computer Aided Verification},
  Year                     = {2006},

  Address                  = {Berlin},
  Pages                    = {81 - 94},
  Publisher                = {Springer-Verlag},
  Series                   = {LNCS},
  Volume                   = {4144},

  Owner                    = {John McCormick},
  Timestamp                = {2012.06.05}
}

@Article{Eisenstadt1997,
  Title                    = {My hairiest bug war stories},
  Author                   = {Eisenstadt, Marc},
  Journal                  = {Commun. ACM},
  Year                     = {1997},
  Number                   = {4},
  Pages                    = {30--37},
  Volume                   = {40},

  Address                  = {New York, NY, USA},
  Doi                      = {http://doi.acm.org/10.1145/248448.248456},
  ISSN                     = {0001-0782},
  Owner                    = {John},
  Publisher                = {ACM},
  Timestamp                = {2009.06.30}
}

@Misc{English2001,
  Title                    = {Ada 95: The Craft of Object-Oriented Programming},

  Author                   = {English, John},
  HowPublished             = {\url{http://www.it.bton.ac.uk/staff/je/adacraft/}},
  Year                     = {2001},

  Owner                    = {John McCormick},
  Timestamp                = {2009.06.30},
  Url                      = {\url{http://www.it.bton.ac.uk/staff/je/adacraft/}}
}

@Book{Epp2010,
  Title                    = {Discrete Mathematics with Applications},
  Author                   = {Epp, Susanna S.},
  Publisher                = {Brooks/Cole Publishing Co.},
  Year                     = {2010},

  Address                  = {Pacific Grove, CA, USA},
  Edition                  = {4th},

  ISBN                     = {0495391328, 9780495391326},
  Owner                    = {John McCormick},
  Timestamp                = {2014.06.24}
}

@Book{Gersting2014,
  Title                    = {Mathematical Structures for Computer Science},
  Author                   = {Judith Gersting},
  Publisher                = {W.H. Freeman and Company},
  Year                     = {2014},

  Address                  = {New York},
  Edition                  = {7th},
  Number                   = {ISBN 978-1-4292-1510-7},

  Owner                    = {John McCormick},
  Timestamp                = {2014.06.24}
}

@Article{Hall2002,
  Title                    = {Correctness by Construction: Developing a Commercial Secure System},
  Author                   = {Anthony Hall and Roderick Chapman},
  Journal                  = {IEEE Software},
  Year                     = {2002},

  Month                    = {January/February},
  Number                   = {1},
  Pages                    = {18-25},
  Volume                   = {19},

  Doi                      = {10.1109/52.976937},
  Owner                    = {John McCormick},
  Timestamp                = {2012.05.11},
  Url                      = {http://www.anthonyhall.org/c_by_c_secure_system.pdf}
}

@Article{Hatcliff:2012:BIS:2187671.2187678,
  Title                    = {Behavioral interface specification languages},
  Author                   = {Hatcliff, John and Leavens, Gary T. and Leino, K. Rustan M. and M\"{u}ller, Peter and Parkinson, Matthew},
  Journal                  = {ACM Comput. Surv.},
  Year                     = {2012},

  Month                    = jun,
  Number                   = {3},
  Pages                    = {16:1--16:58},
  Volume                   = {44},

  Acmid                    = {2187678},
  Address                  = {New York, NY, USA},
  Articleno                = {16},
  Doi                      = {10.1145/2187671.2187678},
  ISSN                     = {0360-0300},
  Issue_date               = {June 2012},
  Keywords                 = {Abstraction, JML, SPARK, Spec\#, assertion, behavioral subtyping, frame conditions, interface specification language, invariant, postcondition, precondition, separation logic},
  Numpages                 = {58},
  Owner                    = {Peter C. Chapin},
  Publisher                = {ACM},
  Timestamp                = {2012-12-14},
  Url                      = {http://doi.acm.org/10.1145/2187671.2187678}
}

@Misc{Humphrey2006a,
  Title                    = {Defective Software Works},

  Author                   = {Watts Humphrey},
  HowPublished             = {News at SEI, \url{http://www.sei.cmu.edu/library/abstracts/news-at-sei/wattsnew20041.cfm}},
  Month                    = {January},
  Year                     = {2006},

  Institution              = {Software Engineering Institute},
  Organization             = {Software Engineering Institute},
  Owner                    = {John McCormick},
  Publisher                = {Software Engineering Instititute},
  Series                   = {News at SEI},
  Timestamp                = {2012.05.09},
  Url                      = {http://www.sei.cmu.edu/library/abstracts/news-at-sei/wattsnew20041.cfm}
}

@Misc{Humphrey2006b,
  Title                    = {Security Changes Everything},

  Author                   = {Watts Humphrey},
  HowPublished             = {News at SEI, \url{http://www.sei.cmu.edu/library/abstracts/news-at-sei/wattsnew20042.cfm}},
  Month                    = {February},
  Year                     = {2006},

  Organization             = {Software Engineering Institute},
  Owner                    = {John McCormick},
  Publisher                = {Software Engineering Instititute},
  Series                   = {News at SEI},
  Timestamp                = {2012.05.09},
  Url                      = {http://www.sei.cmu.edu/library/abstracts/news-at-sei/wattsnew20042.cfm}
}

@Unpublished{Humphrey2004,
  Title                    = {Security Changes Everything},
  Author                   = {Watts Humphrey},
  Note                     = {Keynote address presented at the ACM SIGAda Annual International Conference, November 14-18, Atlanta, GA},
  Year                     = {2004},

  Booktitle                = {Presented at the ACM SIGAda Annual International Conference, Atlanta, GA},
  Organization             = {ACM SIGAda},
  Owner                    = {John McCormick},
  Timestamp                = {2012.05.11},
  Url                      = {http://www.sigada.org/conf/sigada2004/SIGAda2004-CDROM/SIGAda2004-Proceedings/Keynote-Watts-Humphrey.pdf}
}

@Book{Humphrey2000,
  Title                    = {Introduction to the Team Software Process},
  Author                   = {Watts Humphrey},
  Publisher                = {Addison Wesley},
  Year                     = {2000},

  Address                  = {Boston, MA},
  Series                   = {SEI Series in Software Engineering},

  Owner                    = {John McCormick},
  Pages                    = {496},
  Timestamp                = {2012.05.11}
}

@Misc{Jackson2012,
  Title                    = {Victor: A SPARK Verification Condition Translator and Prover Driver},

  Author                   = {Paul Jackson},
  HowPublished             = {\url{http://homepages.inf.ed.ac.uk/pbj/spark/victor.html}},
  Month                    = {June},
  Year                     = {2012},

  Organization             = {University of Edinburgh},
  Owner                    = {John McCormick},
  Timestamp                = {2012.06.05},
  Url                      = {http://homepages.inf.ed.ac.uk/pbj/spark/victor.html}
}

@InProceedings{Jackson:2007:USS:1345169.1345177,
  Title                    = {Using SMT solvers to verify high-integrity programs},
  Author                   = {Jackson, Paul B. and Ellis, Bill J. and Sharp, Kathleen},
  Booktitle                = {Proceedings of the second workshop on Automated formal methods},
  Year                     = {2007},

  Address                  = {New York, NY, USA},
  Pages                    = {60--68},
  Publisher                = {ACM},
  Series                   = {AFM '07},

  Acmid                    = {1345177},
  Doi                      = {10.1145/1345169.1345177},
  ISBN                     = {978-1-59593-879-4},
  Keywords                 = {Ada, SAT modulo theories solver, SMT solver, SPARK},
  Location                 = {Atlanta, Georgia},
  Numpages                 = {9},
  Owner                    = {Peter Chapin},
  Timestamp                = {2012.06.08},
  Url                      = {http://doi.acm.org/10.1145/1345169.1345177}
}

@TechReport{Jones2013,
  Title                    = {Software Defect Origins and Removal Methods},
  Author                   = {Capor Jones},
  Institution              = {Namcook Analytics LLC},
  Year                     = {2013},

  Owner                    = {John McCormick},
  Timestamp                = {2013.12.23},
  Url                      = {http://namcookanalytics.com/wp-content/uploads/2013/08/Software-Defect-Origins-and-Removal-Methods2013.pdf}
}

@Misc{Jones2012,
  Title                    = {Software Quality in 2012: A Survey of the State of the Art},

  Author                   = {Capers Jones},
  HowPublished             = {Software Quality Group of New England, \url{http://sqgne.org/presentations/2012-13/Jones-Sep-2012.pdf}},
  Month                    = {September},
  Year                     = {2012},

  Owner                    = {John McCormick},
  Timestamp                = {2013.12.23},
  Url                      = {http://sqgne.org/presentations/2012-13/Jones-Sep-2012.pdf}
}

@Book{Jones2000,
  Title                    = {Software Assessments, Benchmarks, and Best Practices},
  Author                   = {Capers Jones},
  Publisher                = {Addison Wesley},
  Year                     = {2000},

  Address                  = {Boston},
  Series                   = {Addison-Wesley Information Technology Series},

  Owner                    = {John McCormick},
  Pages                    = {659},
  Timestamp                = {2012.05.09}
}

@Book{Jorgensen2008,
  Title                    = {Software Testing: A Craftsman's Approach},
  Author                   = {Paul Jorgensen},
  Publisher                = {Auerbach Publications},
  Year                     = {2008},

  Address                  = {Boca Raton, FL},
  Edition                  = {3$^{rd}$},

  Owner                    = {John McCormick},
  Pages                    = {440},
  Timestamp                = {2012.05.18}
}

@Book{Kaner1999,
  Title                    = {Testing Computer Software},
  Author                   = {Cem Kaner and Jack Falk and Hung Quoc Nguyen},
  Publisher                = {Wiley},
  Year                     = {1999},

  Address                  = {Indianapolis, IN},
  Edition                  = {2$^{nd}$},

  Owner                    = {John McCormick},
  Pages                    = {480},
  Timestamp                = {2012.05.25}
}

@Article{King:2000:PMC:630824.631243,
  Title                    = {Is Proof More Cost-Effective Than Testing?},
  Author                   = {King, Steve and Hammond, Jonathan and Chapman, Rod and Pryor, Andy},
  Journal                  = {IEEE Trans. Softw. Eng.},
  Year                     = {2000},

  Month                    = aug,
  Number                   = {8},
  Pages                    = {675--686},
  Volume                   = {26},

  Acmid                    = {631243},
  Address                  = {Piscataway, NJ, USA},
  Doi                      = {10.1109/32.879807},
  ISSN                     = {0098-5589},
  Issue_date               = {August 2000},
  Keywords                 = {Safety-critical software, formal specification, SPARK, specification proof, code proof, proof vs. testing, industrial case study.},
  Numpages                 = {12},
  Owner                    = {Peter C. Chapin},
  Publisher                = {IEEE Press},
  Timestamp                = {2012-12-11},
  Url                      = {http://dx.doi.org/10.1109/32.879807}
}

@Conference{Knight1997,
  Title                    = {Why Are Formal Methods Not Used More Widely?},
  Author                   = {John Knight and Colleen DeJong and Matthew Gibbs and Luis Nakano},
  Booktitle                = {Proceedings of the Fourth NASA Langley Formal Methods Workshop},
  Year                     = {1997},

  Address                  = {Hampton, VA},
  Editor                   = {Michael Holloway and Kelly Hayhurst},
  Month                    = {September},
  Organization             = {NASA},

  Owner                    = {John McCormick},
  Timestamp                = {2012.05.16},
  Url                      = {http://www.cs.virginia.edu/~jck/publications/lfm.97.pdf}
}

@Article{Leavens2005185,
  Title                    = {How the design of JML accommodates both runtime assertion checking and formal verification},
  Author                   = {Gary T. Leavens and Yoonsik Cheon and Curtis Clifton and Clyde Ruby and David R. Cok},
  Journal                  = {Science of Computer Programming},
  Year                     = {2005},
  Note                     = {<ce:title>Formal Methods for Components and Objects: Pragmatic aspects and applications</ce:title>},
  Number                   = {1–3},
  Pages                    = {185 - 208},
  Volume                   = {55},

  Doi                      = {10.1016/j.scico.2004.05.015},
  ISSN                     = {0167-6423},
  Keywords                 = {Specification languages},
  Owner                    = {Peter C. Chapin},
  Timestamp                = {2012-12-14},
  Url                      = {http://www.sciencedirect.com/science/article/pii/S0167642304001509}
}

@InCollection{Leino-Tools-2011,
  Title                    = {Tools and Behavioral Abstraction: A Direction for Software Engineering},
  Author                   = {Leino, K.RustanM.},
  Booktitle                = {The Future of Software Engineering},
  Publisher                = {Springer Berlin Heidelberg},
  Year                     = {2011},
  Editor                   = {Nanz, Sebastian},
  Pages                    = {115-124},

  Doi                      = {10.1007/978-3-642-15187-3_7},
  ISBN                     = {978-3-642-15186-6},
  Language                 = {English},
  Owner                    = {Peter C. Chapin},
  Timestamp                = {2012-12-14},
  Url                      = {http://dx.doi.org/10.1007/978-3-642-15187-3_7}
}

@InProceedings{Leino:2009:PCP:1533013.1533035,
  Title                    = {Proving Consistency of Pure Methods and Model Fields},
  Author                   = {Leino, K. Rustan and Middelkoop, Ronald},
  Booktitle                = {Proceedings of the 12th International Conference on Fundamental Approaches to Software Engineering: Held as Part of the Joint European Conferences on Theory and Practice of Software, ETAPS 2009},
  Year                     = {2009},

  Address                  = {Berlin, Heidelberg},
  Pages                    = {231--245},
  Publisher                = {Springer-Verlag},
  Series                   = {FASE '09},

  Acmid                    = {1533035},
  Doi                      = {10.1007/978-3-642-00593-0_16},
  ISBN                     = {978-3-642-00592-3},
  Location                 = {York, UK},
  Numpages                 = {15},
  Owner                    = {Peter C. Chapin},
  Timestamp                = {2012-12-14},
  Url                      = {http://dx.doi.org/10.1007/978-3-642-00593-0_16}
}

@InProceedings{Leino:2006:VMM:2182132.2182141,
  Title                    = {A verification methodology for model fields},
  Author                   = {Leino, K. Rustan M. and M\"{u}ller, Peter},
  Booktitle                = {Proceedings of the 15th European conference on Programming Languages and Systems},
  Year                     = {2006},

  Address                  = {Berlin, Heidelberg},
  Pages                    = {115--130},
  Publisher                = {Springer-Verlag},
  Series                   = {ESOP'06},

  Acmid                    = {2182141},
  Doi                      = {10.1007/11693024_9},
  ISBN                     = {3-540-33095-X, 978-3-540-33095-0},
  Location                 = {Vienna, Austria},
  Numpages                 = {16},
  Owner                    = {Peter C. Chapin},
  Timestamp                = {2012-12-14},
  Url                      = {http://dx.doi.org/10.1007/11693024_9}
}

@InProceedings{Loseby:2009:USR:1647420.1647441,
  Title                    = {Use of {SPARK} in a resource constrained embedded system},
  Author                   = {Loseby, Chad and Chapin, Peter and Brandon, Carl},
  Booktitle                = {Proceedings of the {ACM} SIGAda annual international conference on Ada and related technologies},
  Year                     = {2009},

  Address                  = {New York, NY, USA},
  Pages                    = {87--90},
  Publisher                = {ACM},
  Series                   = {SIGAda '09},

  Acmid                    = {1647441},
  Doi                      = {10.1145/1647420.1647441},
  ISBN                     = {978-1-60558-475-1},
  Keywords                 = {ada, msp430, spark, student project},
  Location                 = {Saint Petersburg, Florida, USA},
  Numpages                 = {4},
  Owner                    = {Peter C. Chapin},
  Timestamp                = {2012-11-27},
  Url                      = {http://doi.acm.org/10.1145/1647420.1647441}
}

@TechReport{Marsh1994,
  Title                    = {Formal Semantics of SPARK},
  Author                   = {William Marsh and Ian O'Neill},
  Institution              = {Program Validation Ltd (available from Altran Praxis)},
  Year                     = {1994},
  Type                     = {Technical Report},

  Owner                    = {John McCormick},
  Timestamp                = {2012.05.14}
}

@Article{McCormick1997,
  Title                    = {Forum Letter},
  Author                   = {McCormick, John},
  Journal                  = {Commun. ACM},
  Year                     = {1997},
  Number                   = {8},
  Pages                    = {30},
  Volume                   = {40},

  Owner                    = {John},
  Timestamp                = {2009.06.30}
}

@Book{McCormick-Chapin-2015,
  Title                    = {Building High Integrity Applications with SPARK},
  Author                   = {John W. McCormick and Peter C. Chapin},
  Publisher                = {Cambridge University Press},
  Year                     = {2015},

  Owner                    = {Peter Chapin},
  Timestamp                = {2015-09-11}
}

@Book{McCormick2011,
  Title                    = {Building Parallel, Embedded, and Real-Time Applications with Ada},
  Author                   = {McCormick, John W. and Singhoff, Frank and Hugues, J\'er\^ome},
  Publisher                = {Cambridge University Press},
  Year                     = {2011},

  Owner                    = {John McCormick},
  Timestamp                = {2013-01-09}
}

@Article{Mills1987,
  Title                    = {Cleanroom Software Engineering},
  Author                   = {Mills, Harlan and Dyer, Michael and Linger, Richard},
  Journal                  = {IEEE Software},
  Year                     = {1987},

  Month                    = {sept. },
  Number                   = {5},
  Pages                    = {19 -25},
  Volume                   = {4},

  Doi                      = {10.1109/MS.1987.231413},
  ISSN                     = {0740-7459},
  Owner                    = {John McCormick},
  Timestamp                = {2012.05.11}
}

@InProceedings{Moura2008,
  Title                    = {Z3: An Efficient SMT Solver},
  Author                   = {Leonardo de Moura and Nikolaj Bj\o{}rner},
  Booktitle                = {Proceedings of the International Conference on Tools and Algorithms for the Construction and Analysis of Systems},
  Year                     = {2008},

  Address                  = {Berlin},
  Editor                   = {C.R. Ramakrishnan and J. Rehof},
  Pages                    = {337 - 340},
  Publisher                = {Springer-Verlag},
  Series                   = {LNCS},
  Volume                   = {4963},

  Owner                    = {John McCormick},
  Timestamp                = {2012.06.05},
  Url                      = {http://research.microsoft.com/en-us/um/redmond/projects/z3/z3.pdf}
}

@TechReport{NASA2011,
  Title                    = {National Highway Traffic Safety Administration Toyota Unintended Acceleration Investigation},
  Author                   = {NASA},
  Institution              = {NASA Engineering and Safety Center},
  Year                     = {2011},
  Month                    = {January},
  Number                   = {TI-10-00618},
  Type                     = {Technical Assessment Report},

  Owner                    = {John McCormick},
  Timestamp                = {2012.05.10},
  Url                      = {http://www.nhtsa.gov/UA}
}

@Misc{cvc4,
  Title                    = {{CVC4}: The {SMT} Solver},

  Author                   = {{New York University}},
  HowPublished             = {\url{http://cvc4.cs.nyu.edu/web/}},
  Year                     = {2014},

  Owner                    = {Peter Chapin},
  Timestamp                = {2014.08.09}
}

@TechReport{NIST2002,
  Title                    = {The Economic Impacts of Inadequate Infrastructure for Software Testing},
  Author                   = {NIST},
  Institution              = {National Institute of Standards and Technology},
  Year                     = {2002},
  Month                    = {May},
  Number                   = {02-3},
  Type                     = {Planning Report},

  Owner                    = {John McCormick},
  Timestamp                = {2012.05.04},
  Url                      = {http://www.nist.gov/director/planning/upload/report02-3.pdf}
}

@Misc{alt-ergo,
  Title                    = {The Alt-Ergo Theorem Prover},

  Author                   = {OCamlPro},
  HowPublished             = {\url{http://alt-ergo.lri.fr/}},
  Year                     = {2014},

  Owner                    = {Peter Chapin},
  Timestamp                = {2014.08.09}
}

@Article{Paulk2009,
  Title                    = {A History of the Capability Maturity Model for Software},
  Author                   = {Mark C. Paulk},
  Journal                  = {ASQ Software Quality Professional},
  Year                     = {2009},
  Number                   = {1},
  Pages                    = {5-19},
  Volume                   = {12},

  Owner                    = {John McCormick},
  Timestamp                = {2012.05.09},
  Url                      = {http://home.comcast.net/~mark.paulk/papers/p2009c.pdf}
}

@TechReport{Riehle2003,
  Title                    = {Ada Distilled: An Introduction to Ada Programming for Experienced Computer Programmers},
  Author                   = {Riehle, Richard},
  Institution              = {AdaWorks Software Engineering},
  Year                     = {2003},

  Owner                    = {John McCormick},
  Timestamp                = {2009.06.30},
  Url                      = {http://www.adaic.org/docs/distilled/adadistilled.pdf}
}

@Book{Rosen2011,
  Title                    = {Discrete Mathematics and Its Applications},
  Author                   = {Kenneth Rosen},
  Publisher                = {McGraw-Hill},
  Year                     = {2011},

  Address                  = {New York, NY},
  Edition                  = {7th},

  ISBN                     = {978-0073383095},
  Owner                    = {John McCormick},
  Timestamp                = {2014.06.24}
}

@InProceedings{Ruocco:2005:EUS:1103846.1103852,
  Title                    = {Experiences using {SPARK} in an undergraduate {CS} course},
  Author                   = {Ruocco, Anthony S.},
  Booktitle                = {Proceedings of the 2005 annual ACM SIGAda international conference on Ada: The Engineering of Correct and Reliable Software for Real-Time \& Distributed Systems using Ada and Related Technologies},
  Year                     = {2005},

  Address                  = {New York, NY, USA},
  Pages                    = {37--40},
  Publisher                = {ACM},
  Series                   = {SigAda '05},

  Acmid                    = {1103852},
  Doi                      = {10.1145/1103846.1103852},
  ISBN                     = {1-59593-185-6},
  Keywords                 = {SPARK, computer science curriculum, computer science education},
  Location                 = {Atlanta, GA, USA},
  Numpages                 = {4},
  Owner                    = {Peter C. Chapin},
  Timestamp                = {2012-12-11},
  Url                      = {http://doi.acm.org/10.1145/1103846.1103852}
}

@Manual{SPARKRM,
  Title                    = {SPARK 2014 Reference Manual},

  Address                  = {New York and Paris},
  Author                   = {{SPARK Team}},
  Note                     = {{Available at \url{http://docs.adacore.com/spark2014-docs/html/lrm/}}},
  Organization             = {AdaCore},
  Year                     = {2014},

  Owner                    = {John McCormick},
  Timestamp                = {2013.06.24},
  Url                      = {http://docs.adacore.com/spark2014-docs/html/lrm/}
}

@Manual{SPARKUG,
  Title                    = {SPARK 2014 Toolset User's Guide},

  Address                  = {New York and Paris},
  Author                   = {{SPARK Team}},
  Note                     = {{Available at \url{http://docs.adacore.com/spark2014-docs/html/ug/}}},
  Organization             = {AdaCore},
  Year                     = {2014},

  Owner                    = {John McCormick},
  Timestamp                = {2013.06.18},
  Url                      = {http://docs.adacore.com/spark2014-docs/html/ug/}
}

@Manual{SPARK2011,
  Title                    = {SPARK - The SPADE Ada Kernel, Edition 6.8 (language reference manual)},

  Address                  = {Bath, UK},
  Author                   = {{SPARK Team}},
  Organization             = {Altran-Praxis},
  Year                     = {2011},

  Owner                    = {John McCormick},
  Timestamp                = {2012.05.14},
  Url                      = {http://www.altran-praxis.com/spark.aspx}
}

@Book{ada2005,
  Title                    = {{Ada 2005 Reference Manual. Language and Standard Libraries. International Standard ISO/IEC 8652/1995(E) with Technical Corrigendum 1 and Amendment 1}},
  Author                   = {S. T. Taft and R. A. Duff and R. L. Brukardt and E. Ploedereder and P. Leroy},
  Publisher                = {LNCS Springer Verlag, number XXII, volume 4348.},
  Year                     = {2006},

  Owner                    = {John McCormick},
  Timestamp                = {2012.09.16},
  Url                      = {http://adaic.org/standards/ada05.html}
}

@Misc{WikiAda,
  Title                    = {Ada Programming},

  Author                   = {Wikibooks},
  HowPublished             = {\url{http://en.wikibooks.org/wiki/Ada_Programming}},
  Year                     = {2014},

  Owner                    = {John McCormick},
  Timestamp                = {2009.06.30},
  Url                      = {http://en.wikibooks.org/wiki/Ada_Programming}
}

@Comment{jabref-meta: databaseType:bibtex;}
