% Encoding: ISO8859_1

@ARTICLE{Higgon1994,
  author = {S. Higgon and B. Hulmgrew},
  title = {Distributed Real-Time Systems and Debug Environment},
  journal = {Ada User Journal},
  year = {1994},
  volume = {15},
  pages = {153-159},
  number = {2},
  publisher = {Ada-Europe},
}


@BOOK{Dirac1930,
  title = {The Principles of Quantum Mechanics},
  publisher = {Oxford University Press},
  year = {1930},
  author = {P. Dirac},
}


@INPROCEEDINGS{Dijkstra1968,
  author = {E. W. Dijkstra},
  title = {Co-operating Sequential Processes},
  booktitle = {Programming Languages},
  year = {1968},
  pages = {43--112},
  publisher = {Academic Press},
  editor = {F. Genuys}
}

@BOOK{Keller2000,
  title = {Reliable Software Technologies Ada-Europe 2000, LNCS 1845},
  publisher = {Springer-Verlag},
  year = {2000},
  author = {H. B. Keller and E. Ploedereder },
}


